@article{Bando,
  added-at = {2008-03-11T14:52:34.000+0100},
  author = {Bando, M. and Hasebe, K. and Nakayama, A. and Shibata, A. and Sugiyama, Y.},
  biburl = {http://www.bibsonomy.org/bibtex/2a38cb6d17f674a860585a0e62f086630/idsia},
  citeulike-article-id = {2381941},
  interhash = {1d4dd1508cb63afec6d19229465c8702},
  intrahash = {a38cb6d17f674a860585a0e62f086630},
  journal = {Physical Review E},
  keywords = {juergen},
  number = 2,
  pages = {1035--1042},
  priority = {2},
  timestamp = {2008-03-11T14:52:34.000+0100},
  title = {Dynamical model of traffic congestion and numerical simulation},
  volume = 51,
  year = 1995
}

@MISC{Liang00,
    author = {Chi-Ying Liang and Huei Peng},
    title = {String Stability Analysis of Adaptive Cruise Controlled Vehicles},
    year = {2000}
}

@INPROCEEDINGS{Liang99,
    author = {Chi-ying Liang and Huei Peng},
    title = {Optimal Adaptive Cruise Control with Guaranteed String Stability},
    booktitle = {PROCEEDINGS OF THE 1998 AVEC CONFERENCE},
    year = {1999},
    pages = {717--722},
    publisher = {}
}

@MISC{Benjaafar,
    author = {Saifallah Benjaafar and Kevin Dooley and Wibowo Setyawan},
    title = {Cellular Automata for Traffic Flow Modeling},
    year = {}
}

@article{Kerner,
  title = {Structure and parameters of clusters in traffic flow},
  author = {Kerner, B. S. and Konh\"auser, P.},
  journal = {Phys. Rev. E},
  volume = {50},
  issue = {1},
  pages = {54--83},
  year = {1994},
  month = {Jul},
  doi = {10.1103/PhysRevE.50.54},
  url = {http://link.aps.org/doi/10.1103/PhysRevE.50.54},
  publisher = {American Physical Society}
}

@article{Lenz, author = {{H. Lenz} and {C.K. Wagner} and {R. Sollacher}}, encoding = {tex}, title = {Multi-anticipative car-following model}, DOI= "10.1007/s100510050618", url= "http://dx.doi.org/10.1007/s100510050618", journal = {Eur. Phys. J. B}, year = 1999, volume = 7, number = 2, pages = "331-335", }

@article{Thrun,
 author = {Thrun, Sebastian},
 title = {Toward robotic cars},
 journal = {Commun. ACM},
 issue_date = {April 2010},
 volume = {53},
 number = {4},
 month = apr,
 year = {2010},
 issn = {0001-0782},
 pages = {99--106},
 numpages = {8},
 url = {http://doi.acm.org/10.1145/1721654.1721679},
 doi = {10.1145/1721654.1721679},
 acmid = {1721679},
 publisher = {ACM},
 address = {New York, NY, USA},
} 

@INPROCEEDINGS{Yanakiev,
    author = {Diana Yanakiev and Ioannis Kanellakopoulos},
    title = {A Simplified Framework For String Stability Analysis In AHS},
    booktitle = { IN PROCEEDINGS OF THE 13TH IFAC WORLD CONGRESS},
    year = {1996},
    pages = {177--182},
    publisher = {}
}

@article{Konishi, author = {{K. Konishi} and {H. Kokame} and {K. Hirata}}, encoding = {tex}, title = {Decentralized delayed-feedback control of an optimal velocity traffic model}, DOI= "10.1007/s100510051176", url= "http://dx.doi.org/10.1007/s100510051176", journal = {Eur. Phys. J. B}, year = 2000, volume = 15, number = 4, pages = "715-722", }